4359 6034
929 821 1368 886 ,ῆι-,ῃ

455 1021 497 1085 At
520 1019 554 1084 id
567 1039 631 1083 non
645 1021 819 1102 propterea
840 1016 983 1101 adponit,
1007 1015 1102 1099 qnod,
1125 1017 1174 1080 uti
1194 1015 1372 1081 bleinekius
1387 1017 1516 1095 statuit,
1538 1016 1600 1085 hoc
1614 1016 1721 1081 vinum
1744 1016 1840 1082 febri·

455 1121 601 1187 cantibus
621 1119 701 1185 utile
724 1120 776 1186 sit.
827 1118 927 1199 „Cum
952 1118 1138 1195 Maecenas,
1165 1117 1270 1201 iuquit
1296 1119 1359 1198 ille,
1389 1118 1456 1185 lere
1484 1124 1646 1201 quartana
1666 1120 1841 1195 laboraret,

453 1244 532 1308 prae
559 1223 671 1288 ceteris
701 1224 782 1289 vinis
803 1221 866 1287 hoo
893 1240 1010 1304 genere
1037 1220 1191 1285 delectari
1223 1220 1364 1286 debebat
1389 1219 1841 1287 i.e.lenivinonecfeb1i-

453 1323 599 1391 cantibus
618 1324 744 1390 noxio.“
786 1321 918 1390 Profert
937 1324 965 1388 is
981 1321 1139 1387 Galennm
1161 1321 1201 1387 de
1216 1323 1334 1388 salubr.
1351 1324 1436 1388 victu
1450 1323 1511 1388 vol.
1527 1323 1594 1388 XV.
1611 1346 1642 1407 p.
1667 1328 1729 1388 648
1751 1323 1839 1406 Lips.

453 1423 537 1493 κατὰ
564 1422 624 1503 τὴν
644 1418 788 1491 Ἰταλίαν
814 1416 832 1489 ὃ
856 1414 976 1502 drocus
1006 1425 1158 1505 σαβῖνος,
1189 1412 1228 1488 ὃν
1258 1421 1316 1488 καὶ
1344 1419 1480 1491 διδόασι
1511 1430 1581 1502 τοῖς
1613 1421 1840 1511 πυρέττουσιν.

453 1529 531 1596 Tale
557 1527 636 1612 quid
665 1548 737 1591 cnm
769 1526 889 1610 hospiti
914 1547 980 1592 non
1007 1526 1174 1593 convenire
1199 1524 1376 1605 videretur,
1408 1526 1779 1593 Medenbach·Wakker.
1806 1529 1839 1591 in

451 1633 608 1697 Amoenit
638 1630 738 1694 litter.
767 1649 834 1714 cap.
865 1632 884 1694 2
913 1650 944 1714 p.
967 1634 1002 1694 11
1034 1628 1171 1693 coniecit
1200 1626 1329 1704 dulce,
1361 1635 1398 1694 ut
1424 1630 1620 1695 contrariam
1648 1629 1840 1695 sententiam

451 1739 565 1817 poetae
588 1731 782 1799 obtunderet
825 1731 1029 1816 Intellegitur
1054 1729 1195 1813 ignobile
1216 1730 1332 1806 vinnm,
1357 1753 1422 1797 uon
1444 1737 1613 1811 vetustum,
1634 1752 1699 1797 non
1722 1733 1841 1815 pretio-

452 1854 531 1914 sum,
554 1833 643 1918 quod
662 1834 766 1900 nostri
786 1834 941 1899 vinitores
963 1832 1074 1917 garing
1097 1831 1261 1898 nominare
1283 1832 1395 1899 solent.

538 1940 567 2000 2.
603 1936 772 2002 Modicia
795 1936 1011 2003 cantharis.
1061 1935 1155 2015 Quod
1184 1933 1384 2018 Peerlkamp.
1412 1936 1514 2001 tradit
1541 1935 1628 2020 apud
1649 1936 1839 2002 Diomedem

452 2061 482 2123 p.
505 2041 564 2103 521
588 2038 624 2106 P.
646 2037 800 2105 modice
822 2039 976 2122 scriptum
998 2056 1077 2112 esse,
1101 2035 1218 2103 salsum
1242 2042 1306 2117 est;
1331 2059 1406 2102 nam
1428 2037 1496 2104 cod.
1520 2037 1621 2103 Paris.
1645 2039 1681 2101 Α.
1704 2037 1840 2120 praebet

451 2140 608 2224 potonis
629 2140 797 2206 modicis
817 2140 977 2218 Sanino,
992 2139 1203 2218 Monacensis,
1220 2159 1316 2222 quem
1330 2139 1414 2205 idem
1437 2140 1594 2223 praebere
1617 2140 1696 2205 dicit
1717 2139 1840 2205 Keilius

451 2244 587 2322 meus0),
603 2262 729 2308 versum
740 2243 824 2308 hunc
834 2240 943 2308 omisit
957 2242 1040 2327 (ipse
1052 2240 1235 2324 comparavi
1247 2241 1405 2324 optimum
1419 2241 1561 2326 librum.)
1574 2280 1612 2291 -
1622 2241 1647 2308 C
1656 2241 1839 2307 antherus

452 2342 663 2431 (κάνθαρος),
686 2366 749 2429 quo
771 2343 901 2430 proprio
922 2344 1117 2409 scarabaeus
1139 2341 1350 2427 significatur,
1369 2342 1516 2427 'pertinet
1536 2343 1579 2408 ad
1600 2344 1706 2428 poculi
1729 2364 1839 2427 genus,

451 2445 494 2511 de
516 2465 580 2529 quo
602 2445 712 2512 multis
734 2447 928 2512 comicorum
942 2444 1021 2512 locis
1043 2443 1150 2510 allatis
1173 2444 1299 2527 copiose
1322 2446 1389 2528 egit
1409 2445 1524 2511 Athen.
1545 2445 1601 2510 XI.
1623 2467 1654 2530 p.
1678 2451 1750 2511 473.
1773 2445 1839 2511 Vas

452 2546 514 2612 fuit
536 2553 683 2613 ansatum
705 2549 859 2627 maius7),
890 2547 980 2614 cuius
1007 2566 1124 2612 nornen
1152 2546 1194 2612 ab
1223 2546 1322 2614 heroe
1344 2548 1532 2631 cognomine
1554 2547 1747 2613 translatum
1769 2569 1839 2613 esse

451 2670 491 2715 ex
518 2647 680 2715 veteribus
707 2649 886 2716 docuerunt
918 2650 1227 2715 Lenormantius
1262 2650 1293 2715 le
1323 2646 1419 2715 heros
1454 2647 1637 2716 Cantharus
1664 2648 1698 2713 in
1725 2646 1838 2713 Annal

451 2753 525 2818 dell'
547 2751 651 2817 Instit.
674 2750 720 2816 IV
741 2774 772 2836 p.
796 2757 867 2817 311.
892 2757 925 2817 et
945 2751 1185 2817 Letrounius
1207 2748 1411 2835 supplement
1433 2773 1497 2818 aux
1523 2749 1684 2817 observat.
1707 2771 1763 2814 sur
1789 2751 1838 2815 les

450 2875 541 2920 nonis
563 2853 622 2919 des
643 2874 737 2919 vasca
759 2874 851 2937 greca
872 2874 904 2935 p.
930 2856 977 2917 13.
1020 2851 1107 2918 llind
1128 2873 1204 2920 vero
1226 2851 1375 2936 poculum
1396 2854 1501 2920 maius
1524 2858 1604 2930 erat,
1625 2873 1685 2933 „ex
1705 2871 1779 2936 quo,
1801 2858 1839 2917 ut

450 2956 692 3040 Peerlkampius
714 2954 769 3034 ait,
792 2974 856 3019 non
878 2953 1035 3020 bibebant
1056 2956 1119 3021 nisi
1141 2955 1213 3039 quis
1241 2961 1402 3039 posceret,
1424 2977 1452 3021 v.
1484 2977 1509 3021 0.
1531 2955 1559 3020 si
1581 2953 1688 3021 subito
1714 2954 1836 3019 laetum

450 3058 570 3141 aliquid
602 3056 786 3135 accidisset,
812 3057 862 3122 vel
890 3056 1141 3142 modimperator
1166 3057 1304 3137 iuberet,
1331 3058 1382 3123 vel
1409 3057 1474 3124 alia
1500 3057 1682 3136 occasione,
1712 3076 1838 3140 semper

449 3166 557 3224 tamen
587 3165 719 3242 praeter
746 3159 1010 3223 consuetudinem
1037 3159 1268 3243 quotidianam.
1316 3159 1360 3224 Et
1386 3161 1559 3227 cantharus
1581 3163 1654 3225 erat
1675 3158 1836 3242 poculum,

450 3283 513 3344 quo
535 3260 681 3325 Bacchus
702 3260 904 3342 unaarum).
934 3260 1011 3326 Ideo
1034 3267 1164 3326 notatus
1179 3262 1302 3328 Marius
1325 3260 1407 3327 Plin.
1429 3262 1502 3327 NH.
1517 3260 1666 3337 XXXHI,
1690 3264 1740 3338 53,
1765 3262 1834 3324 150.

451 3363 483 3428 C.
506 3363 654 3427 Marius
676 3366 767 3444 post
787 3362 997 3427 victoriam
1020 3360 1264 3430 Cimbricam
1294 3361 1498 3429 cantharis
1520 3368 1683 3445 potasse
1705 3361 1836 3435 Liberi

450 3461 629 3546 exemplo
651 3463 840 3542 traditur,
863 3463 933 3529 ille
960 3470 1095 3529 arator
1116 3464 1287 3547 Arpinas
1315 3469 1354 3528 ct
1375 3463 1648 3555 manipularis
1671 3463 1836 3546 impera·

450 3570 526 3629 tor.
575 3562 735 3630 Multibibi
760 3565 871 3648 igitur,
900 3566 1016 3649 quibus
1045 3566 1172 3631 modica
1198 3566 1314 3649 pocula
1342 3587 1406 3630 non
1429 3565 1643 3644 sufficiebant,
1671 3565 1835 3631 cantharis

449 3665 633 3748 potabant.“
678 3664 801 3743 Quodsi
827 3672 1000 3750 propterea
1030 3674 1161 3749 poetam
1188 3666 1381 3751 vituperavit
1408 3667 1546 3747 Peerlk,
1575 3687 1639 3733 uon
1671 3668 1837 3751 perspexit

449 3765 586 3832 Marium
605 3767 741 3851 superbe
761 3768 803 3834 cb
819 3768 969 3833 victorias
985 3767 1112 3834 Baccho
1128 3769 1240 3835 victori
1256 3791 1291 3835 se
1307 3769 1571 3852 aequiperantem
1586 3775 1732 3835 notatum
1754 3790 1835 3848 esse,

449 3887 508 3932 nec
528 3871 691 3952 reputavit
717 3868 865 3936 diversae
892 3869 1122 3952 magnitudinis
1152 3871 1253 3937 fuisse
1280 3871 1461 3936 cantharos.
1491 3892 1565 3937 nam
1594 3870 1710 3937 Graeci
1737 3870 1836 3934 demi-

449 3970 559 4033 nutivo
586 3970 635 4034 usi
667 3975 744 4034 snut
770 3969 958 4058 κανθάριον
980 3979 1013 4037 et
1034 3970 1258 4059 κανθαρίδιον
1292 3973 1353 4053 (ita
1380 3972 1464 4038 enim
1494 3973 1630 4038 coniecit
1656 3970 1835 4036 Meinekius

449 4070 482 4134 in
506 4091 585 4135 corn.
608 4092 653 4153 gr.
674 4071 733 4136 III.
754 4094 784 4155 p.
807 4076 879 4138 558.
901 4072 995 4138 deest
1014 4074 1205 4138 vocabulum
1220 4074 1359 4156 lexicis),
1384 4076 1593 4162 παραθεῖναι
1615 4066 1661 4148 ὡς
1681 4070 1838 4158 μέγιστον

449 4165 622 4260 κάνθαρον
632 4171 750 4237 Eubuli
766 4178 815 4238 est
831 4172 866 4237 in
882 4194 962 4240 com.
979 4196 1085 4258 graec.
1097 4175 1154 4241 Ill.
1171 4198 1201 4258 p.
1221 4181 1291 4241 245.
1314 4176 1356 4241 Et
1370 4175 1432 4241 luit
1453 4175 1628 4261 cantharus
1653 4175 1686 4238 in
1709 4174 1837 4239 Horatii

520 4359 549 4422 6)
569 4356 724 4413 Grammat
742 4357 792 4413 lat.
811 4358 864 4413 vol.
882 4359 905 4415 1.
923 4376 951 4430 p.
971 4361 1028 4415 522.

520 4444 535 4495 7
540 4464 549 4505 ι
568 4443 653 4515 Verg.
672 4444 732 4498 Eel.
751 4444 776 4508 6,
796 4445 835 4498 17.
855 4448 888 4498 et
905 4445 1026 4514 gravis
1043 4446 1172 4499 attrita
1189 4446 1362 4514 pendebat
1380 4444 1568 4500 cantharus
1586 4460 1678 4498 ansa.

517 4528 545 4592 8)
570 4527 694 4583 Macrob.
718 4526 830 4583 Saturn.
853 4528 892 4597 Vq
916 4531 949 4583 21
972 4529 1107 4600 scyphus,
1129 4529 1228 4599 inquit,
1251 4530 1380 4585 Herculis
1398 4528 1530 4598 poculum
1551 4536 1605 4596 est,
1628 4529 1669 4582 ita
1686 4534 1718 4583 ut
1739 4527 1836 4582 Liberi

449 4613 538 4678 patris
551 4612 710 4666 cantharus.
724 4612 829 4666 Arnob.
843 4614 905 4667 adv.
917 4620 975 4668 nat.
989 4614 1038 4678 VI,
1057 4615 1132 4668 ld—
1147 4614 1298 4669 Christiani
1311 4614 1460 4685 scriptores
1471 4614 1513 4668 ita
1525 4620 1627 4669 vocant
1639 4629 1689 4668 vas
1706 4614 1736 4667 in
1754 4613 1836 4666 vesti·

451 4695 662 4751 buloscclesiae
678 4696 853 4764 collocatum,
882 4698 957 4753 unde
970 4715 1072 4769 equam
1091 4710 1205 4754 sumunt
1222 4700 1367 4753 intrantes
1386 4698 1436 4753 cfr.
1455 4699 1562 4754 Parcus
1580 4700 1632 4754 lex.
1652 4699 1712 4755 crit.
1731 4716 1756 4768 p.
1777 4699 1835 4752 165.
