4359 6034
2000 891 2091 962 37

662 1092 1002 1170 poetarum
1046 1091 1116 1153 et
1145 1085 1294 1165 otio,
1340 1108 1492 1152 nam
1532 1085 1764 1170 Ep.11‚
1809 1091 1868 1168 2,
1916 1092 2015 1153 77.
2058 1089 2537 1172 scriptorum
2581 1086 2885 1153 chorus
2930 1085 3178 1154 omnis
3219 1095 3432 1156 amat

655 1208 921 1254 nemus
966 1193 1049 1255 et
1090 1187 1297 1273 fugit
1337 1189 1570 1255 urbes
1599 1187 1841 1273 (Carm.
1881 1187 1931 1269 1,
1981 1193 2035 1269 1,
2080 1189 2209 1276 30).
2283 1190 2487 1257 Tacit.
2520 1188 2668 1255 dial.
2703 1194 2761 1254 9.
2802 1193 3083 1274 poetae
3112 1189 3170 1254 si
3212 1190 3430 1257 modo

657 1289 975 1374 dignum
1003 1290 1310 1374 aliquid
1341 1289 1756 1359 elaborare
1786 1296 1863 1357 et
1892 1289 2222 1358 efficere
2246 1292 2525 1373 velint,
2557 1289 3083 1375 relinquenda
3111 1311 3430 1359 conver·

656 1391 862 1460 satio
907 1392 1353 1459 amicorum
1398 1401 1481 1461 et
1520 1393 1983 1460 iucunditas
2024 1393 2273 1475 urbis,
2318 1393 2759 1460 deserenda
2800 1397 3076 1458 cetera
3118 1393 3436 1472 officia,

558 1584 563 1589 .
660 1501 902 1579 utque
967 1495 1122 1580 ipsi
1179 1495 1480 1578 dicunt,
1533 1496 1618 1561 in
1671 1516 1999 1562 nemora
2054 1516 2144 1562 ac
2187 1497 2442 1576 lucos,
2490 1496 2571 1563 id
2616 1494 2863 1561 estin
2906 1494 3431 1565 solitudinem

661 1596 1209 1664 recedendum
1253 1606 1383 1666 est.
1472 1600 1559 1665 Et
1601 1600 1756 1682 quia
1797 1598 2282 1666 amoenissimas
2325 1600 2422 1665 illi
2479 1602 2801 1684 quaerunt
2843 1596 3161 1683 regiones,
3206 1600 3435 1667 Tibur-

659 1699 862 1766 tinam
905 1699 1102 1784 elegit
1145 1705 1210 1766 et
1253 1700 1649 1768 suavissimis
1705 1700 2029 1767 coloribus
2088 1701 2395 1786 depinxit.
2481 1701 2580 1767 Ea
2633 1719 2785 1767 vero
2830 1701 3435 1768 commemoratione

660 1801 974 1886 paulatim
1017 1802 1105 1868 ad
1157 1807 1362 1868 semet
1404 1805 1616 1888 ipsum
1668 1804 1987 1869 convertit
2026 1804 2275 1870 animos
2317 1802 2690 1888 legentium.
2778 1803 2989 1888 Prope
3032 1804 3200 1869 enim
3244 1805 3435 1870 situm

664 1910 809 1970 erat
863 1904 1201 1988 praedium
1257 1905 1585 1973 Sabinum.
1670 1905 1731 1970 N
1733 1925 1817 1971 on
1866 1904 2208 1991 probabile
2268 1912 2373 1973 est
2414 1906 2820 1972 Tiburtinum
2877 1926 3137 1991 quoque
3184 1907 3442 1973 Horatii

664 2007 1000 2092 praedium
1042 2005 1270 2087 fuisse,
1323 2008 1392 2074 id
1434 2007 1609 2093 quod
1654 2007 1839 2073 multi
1895 2009 2142 2093 opinati
2186 2016 2335 2077 sunt
2350 2061 2367 2091 ‚
2413 2013 2482 2075 et
2538 2009 2743 2075 multo
2786 2007 3274 2094 improbabilius
3287 2059 3303 2088 ,
3345 2010 3441 2075 uti

663 2128 873 2193 nuper
914 2110 1278 2193 suspicatus
1307 2116 1409 2177 est
1434 2110 1681 2190 Ritter.‚
1723 2110 1955 2177 Flacco
1996 2132 2117 2195 pro
2162 2110 2448 2179 carmine
2482 2111 2801 2179 saeculari
2842 2111 3180 2197 praedium
3209 2111 3442 2178 Tibur-

666 2211 874 2277 tinum
915 2210 999 2277 ab
1043 2212 1334 2296 Augusto
1377 2213 1682 2279 donatum
1729 2233 1894 2279 esse.

852 2335 1050 2397 quae
1104 2313 1343 2379 Tibur
1395 2335 1640 2399 aquae
1708 2314 1996 2382 fertile
2053 2315 2540 2401 praefluunt.
2631 2315 2827 2382 Codd.
2889 2317 3088 2382 Paris.
3156 2317 3323 2381 7900
3375 2322 3443 2382 et

672 2419 835 2482 7972
883 2414 1122 2499 aliique
1176 2416 1466 2482 nonnulli
1519 2417 1824 2482 exhibent
1877 2439 2054 2502 qua,
2115 2438 2283 2502 quae
2334 2419 2461 2484 loci
2513 2419 2767 2486 notatio
2829 2417 3043 2484 aliena
3100 2423 3201 2485 est
3259 2439 3301 2483 a
3342 2439 3445 2485 se-

673 2517 897 2602 quenti
939 2538 1329 2584 nemorum
1374 2539 1661 2595 comae,
1716 2541 1863 2587 nam
1919 2527 1986 2587 et
2027 2520 2241 2586 fontes
2294 2527 2358 2587 et
2399 2521 2520 2587 rivi
2577 2527 2643 2588 et
2681 2541 2948 2587 nemora
2991 2520 3075 2586 ad
3120 2540 3439 2587 secessum

670 2620 965 2686 invitant.
1039 2620 1241 2686 Plane
1270 2621 1442 2687 idem
1471 2643 1668 2707 supra
1699 2629 1756 2703 2,
1803 2626 1906 2688 30.
1940 2660 2021 2671 --
2051 2622 2518 2708 praefluunt
2561 2623 2787 2708 optimi
2828 2623 3149 2708 praebent
3187 2623 3339 2690 libri
3385 2630 3453 2691 et

673 2722 1000 2807 explicant
1041 2723 1287 2790 scholia
1328 2728 1936 2808 praeterfluunt.
2022 2728 2223 2793 Recte
2267 2731 2535 2793 tuentur
2579 2726 2782 2792 critici
2824 2727 2886 2791 h.
2931 2727 2974 2790 l.
3022 2731 3088 2791 et
3129 2723 3303 2792 infra
3351 2730 3448 2805 14,

681 2830 781 2891 26.
822 2824 959 2890 Liv.
1002 2825 1052 2906 1,
1098 2832 1198 2907 45,
1247 2832 1304 2892 6.
1346 2827 1632 2896 infima
1673 2830 1896 2895 valle
1939 2829 2325 2913 praefluit
2368 2828 2690 2895 Tiberis.
2778 2827 2943 2894 Vell.
2990 2827 3132 2895 Pat.
3176 2827 3254 2907 ΙΙ,
3306 2832 3447 2895 106.

676 2928 772 2995 ad
836 2927 1140 2994 flumen
1205 2929 1498 3008 Albim,
1566 2932 1699 3015 qui
1767 2932 2231 2998 Semnonum
2293 2929 3177 3012 Hermundurorumque
3240 2928 3453 2996 fines

675 3029 1090 3116 praefluit.
1179 3031 1494 3097 Similitur
1549 3032 1850 3098 dicuntur
1908 3033 2305 3119 praelabi,
2365 3031 2777 3116 praevehi,
2836 3031 3450 3116 praenavigare‚

675 3135 1136 3218 praegredi,
1181 3136 1313 3201 alia
1334 3137 1459 3219 ⁶²).
1548 3136 1752 3213 Quem
1773 3123 1983 3201 ‘usum
2026 3135 2283 3202 dicendi
2314 3155 2456 3200 cum
2501 3135 2891 3219 ignorarent,
2938 3133 3049 3199 alii
3087 3135 3456 3199 maluerunt

679 3236 874 3303 scribi
916 3236 1363 3321 perfluunt,
1425 3239 1606 3304 cuius
1664 3238 2023 3323 scripturae
2074 3237 2505 3322 patrocinium
2548 3236 2683 3304 Fea
2743 3236 3024 3320 suscepit
3069 3240 3137 3301 et
3178 3234 3453 3301 Monich.

675 3360 737 3424 p.
783 3343 936 3419 2133
981 3338 1048 3403 id
1094 3339 1260 3405 enim
1305 3339 1663 3425 significare
1691 3340 1893 3406 fluere
1930 3361 2047 3425 per
2089 3340 2372 3423 aliquem
2413 3340 2646 3418 locum,
2692 3360 2840 3404 eum
2866 3338 3139 3423 irrigare
3178 3334 3458 3422 ideoque

676 3439 820 3506 fieri
863 3440 1066 3506 Tibur
1108 3439 1343 3507 fertile·
1432 3444 1575 3509 Etsi
1616 3443 1898 3528 probare
1951 3443 2020 3508 id
2062 3443 2320 3509 videtur
2367 3441 2550 3507 Ovid.
2597 3444 2812 3506 Amor.
2858 3441 2981 3520 ΠΙ,
3047 3443 3113 3518 6,
3168 3443 3269 3504 45.
3316 3459 3459 3505 nec

678 3548 756 3609 te
798 3547 1255 3627 praetereo,
1317 3546 1447 3628 qui
1490 3565 1629 3630 per
1673 3565 1866 3612 cava
1900 3566 2097 3613 saxa
2139 3547 2517 3614 volutans
2563 3543 2889 3609 Tiburis
2931 3540 3174 3624 Argei
3217 3539 3460 3625 pomi-

680 3644 803 3710 fer
847 3667 1040 3711 arva
1083 3647 1330 3730 rigas,
1376 3647 1666 3733 irrigatio
1711 3653 1931 3715 tamen
1960 3647 2580 3733 praeterfluentibus
2627 3665 2885 3730 quoque
2931 3642 3118 3727 aquis
3164 3640 3459 3708 efficitur.

681 3747 816 3814 Nec
873 3748 1084 3812 minus
1138 3749 1408 3815 aliorum
1470 3751 1783 3817 librorum
1829 3770 2084 3816 errores
2141 3750 2570 3835 profluunt
2627 3748 2730 3813 vel
2783 3747 3174 3832 proluunt
3223 3745 3461 3828 impro-

681 3849 881 3917 bandi
926 3855 1096 3915 sunt.

852 3951 1138 4019 Nemora
1179 3951 1390 4037 spissa
1426 3954 1734 4035 ‚indicavit
1777 3955 2064 4040 spissis
2108 3974 2448 4020 nemorum
2492 3952 2851 4028 frondibus,
2898 3969 3013 4034 pro
3056 3947 3290 4032 quibus
3335 3967 3460 4013 co—

682 4075 849 4120 mas
892 4055 1111 4137 posuit
1153 4061 1229 4120 ut
1280 4057 1341 4136 Ι,
1398 4061 1512 4134 21,
1572 4065 1631 4123 5.
1675 4058 1785 4138 IV,
1834 4064 1891 4138 7,
1939 4058 2127 4142 2⁶⁸).
2194 4091 2271 4104 —-
2314 4056 2598 4122 Aeolio
2658 4053 3048 4130 carmine,
3108 4049 3331 4115 Alcaei
3396 4055 3464 4114 et

687 4155 1066 4241 Sapphonis,
1113 4158 1371 4223 omnino
1414 4158 1616 4242 lyrico
1661 4179 1915 4243 genere,
1959 4163 2034 4225 ut
2076 4158 2194 4238 ΙΙΙ,
2243 4161 2347 4237 30,
2400 4163 2496 4223 13.
2538 4156 2620 4239 11,
2673 4162 2769 4228 13,
2816 4160 2914 4222 24.

865 4264 1134 4325 12—16.
1171 4260 1509 4328 Iuventus
1553 4260 1848 4328 Romana
1896 4282 2000 4327 me
2042 4267 2303 4345 poetam
2334 4263 2679 4325 veneratur
2709 4266 2774 4325 et
2803 4258 3015 4324 minus
3058 4258 3191 4323 iam
3231 4253 3464 4320 invidis

822 4431 913 4501 62)
950 4431 1063 4486 cfr.
1102 4431 1341 4487 Gronov.
1381 4437 1437 4486 et
1472 4429 1761 4484 Drakenb.
1797 4429 1855 4482 in
1893 4428 2017 4483 Liv.
2058 4428 2281 4492 XXIX,
2317 4427 2405 4489 32,
2446 4427 2497 4481 8.
2571 4426 2717 4481 Cort.
2755 4427 2814 4480 in
2851 4431 3063 4481 Lucan.
3102 4425 3202 4492 vl,
3242 4424 3326 4479 76.

825 4516 916 4580 63)
958 4517 1047 4571 De
1083 4516 1232 4571 foliis
1269 4517 1527 4570 arborum
1563 4515 1675 4570 dici
1713 4530 1898 4569 comas
1948 4521 2005 4570 et
2056 4517 2240 4569 crines
2276 4529 2438 4568 nemo
2471 4511 2666 4566 nescit.
2733 4512 3128 4567 theotiseorum
3173 4516 3464 4581 poetarum

688 4604 947 4671 exempla
984 4603 1215 4674 collegit
1249 4601 1322 4655 Η.
1360 4601 1543 4656 Koch.
1580 4601 1640 4654 in
1668 4599 1889 4654 Homer.
1926 4599 1994 4653 11.
2019 4600 2211 4667 XVII,
2250 4597 2366 4654 677.
2428 4596 2510 4651 A‘t
2532 4597 2680 4651 idem
2717 4597 2788 4650 de
2823 4597 3114 4668 quibusvis
3141 4593 3469 4651 florentibus

690 4687 882 4742 herbis
916 4687 1239 4758 plantisque
1274 4686 1387 4740 dici
1422 4685 1826 4740 demonstravit
1866 4682 2220 4756 Oudendorp.
2260 4686 2319 4738 in
2354 4681 2565 4752 Appul.
2605 4681 2834 4738 Metam.
2881 4701 2932 4753 p.
2981 4682 3120 4750 744„
3157 4682 3253 4752 qui
3289 4679 3470 4750 cpia·

689 4789 834 4827 sam
872 4789 1127 4829 comam
1163 4773 1221 4827 in
1255 4771 1480 4843 puellae
1513 4778 1716 4826 ornatu
1757 4771 2062 4841 explicavit
2102 4770 2237 4825 ibid.
2274 4789 2329 4840 p.
2370 4770 2485 4823 111.
