4359 6034
769 875 1225 947 *gp-.-

304 1071 386 1152 Aug.
400 1068 602 1135 Wcichertus
623 1070 657 1135 in
678 1091 785 1154 progr.
803 1070 965 1137 Grimeusi
987 1093 1017 1139 a.
1042 1076 1135 1142 1821.
1158 1111 1200 1123 -
1222 1080 1415 1159 torqueor
1436 1074 1639 1161 Guniugamii
1662 1083 1697 1143 et

304 1170 467 1239 Sauadoni
495 1173 680 1239 coniectura
708 1172 814 1238 miuus
837 1172 985 1258 adposita
1007 1182 1071 1256 est,
1102 1177 1180 1260 quia
1206 1176 1354 1243 similiter
1375 1176 1534 1244 vocabula
1559 1179 1695 1245 rodendi

304 1280 338 1340 et
358 1272 474 1339 edendi
494 1279 659 1358 ponuntur
681 1279 715 1340 et
735 1274 887 1341 dentibus
908 1276 1150 1344 accommodata
1171 1283 1255 1344 sunt

393 1376 554 1454 Quattuor
575 1397 689 1442 versus
715 1380 849 1442 13-16.
870 1378 1000 1444 Horatii
1018 1399 1090 1448 esse
1112 1381 1240 1465 negavit
1254 1378 1508 1464 Peerlkampius.
1551 1383 1694 1449 Primum

305 1478 392 1566 quod
413 1478 522 1564 posuit
542 1485 764 1563 argumentum
786 1500 871 1560 „uon
893 1480 975 1546 vidit
996 1481 1192 1550 scholiasta“
1213 1483 1328 1549 salsum
1351 1486 1414 1563 est,
1436 1503 1512 1549 uam
1534 1491 1568 1550 ct
1588 1486 1696 1551 Acron

306 1586 340 1647 et
360 1580 562 1665 Porphyrion
592 1600 648 1645 eos
676 1583 931 1666 explicaverunt,
960 1582 1058 1669 Cruq.
1081 1605 1159 1651 vero
1186 1584 1446 1651 commentatoris
1469 1592 1694 1670 argumentum
1824 1644 1827 1648 .

305 1682 470 1759 carminis,
502 1702 567 1766 quo
589 1682 716 1759 nititur,
744 1683 867 1750 nullam
898 1684 997 1751 habet
1022 1687 1257 1754 auctoritatem.
1302 1686 1413 1771 Pergit
1435 1685 1552 1752 deinde
1575 1688 1698 1767 „Roma

305 1784 470 1870 appellata
490 1784 676 1869 princeps
697 1785 850 1851 urbium
872 1788 978 1852 tenuis
1000 1788 1071 1854 laus
1095 1798 1155 1869 est,
1178 1811 1251 1856 cum
1265 1789 1369 1854 Roma
1391 1794 1477 1855 esset
1496 1794 1594 1872 caput
1609 1789 1696 1855 orbis

307 1888 430 1954 domiti.
474 1886 557 1952 Tum
579 1887 736 1954 suboles
757 1890 902 1955 Romae
925 1888 1105 1956 obscurum.
1150 1890 1214 1958 Alii
1234 1912 1336 1975 genus
1350 1890 1499 1974 Augusti,
1521 1890 1696 1971 Neronum,

306 1990 362 2057 alii
383 1988 549 2055 universos
572 1987 734 2057 Romanos
755 1991 1021 2075 interpretantur.
1064 1993 1225 2059 Neutrum
1246 1992 1360 2057 Latine
1380 1992 1461 2057 satis
1488 1992 1609 2059 dictum
1637 1998 1696 2060 est.

307 2094 414 2159 Minus
441 2090 592 2156 mordeor
619 2090 728 2159 invido
755 2092 852 2159 dente
878 2116 944 2161 non
975 2096 1126 2161 convenit
1156 2116 1228 2160 cum
1261 2093 1482 2179 sequentibus:
1515 2114 1567 2158 me
1597 2094 1698 2178 digito

176 2228 182 2238 ·
306 2199 489 2261 monstrant
516 2201 549 2258 et
575 2194 663 2277 spiro
695 2201 729 2261 et
760 2196 903 2280 placeo.“
947 2196 1124 2281 Aliquanto
1155 2196 1285 2281 grarim
1318 2196 1420 2261 videri
1446 2194 1575 2280 potest,
1611 2196 1699 2280 quod

308 2297 480 2381 Gruppeus
502 2296 536 2361 in
550 2295 657 2361 Minoa
678 2318 710 2381 p.
733 2301 785 2364 84.
807 2298 967 2365 invenisse
987 2320 1023 2364 se
1046 2298 1212 2384 gloriatur,
1234 2303 1359 2364 tautam
1380 2297 1509 2364 laudem
1524 2318 1588 2362 non
1603 2319 1699 2384 posse

307 2397 445 2485 proferri
467 2397 509 2463 ab
531 2399 602 2481 ipsc
624 2405 734 2483 poeta,
759 2400 918 2485 prolatam
941 2421 1010 2466 esse
1032 2423 1054 2468 a
1075 2401 1196 2467 critids
1218 2400 1459 2485 posterioribus.
1504 2400 1603 2478 Quasi
1622 2421 1699 2467 vero

309 2500 464 2567 Horatius
486 2521 550 2566 non
572 2499 690 2565 similia
711 2499 752 2566 de
773 2521 809 2566 se
830 2502 1052 2585 praedicasset
1072 2503 1121 2578 11,
1146 2507 1197 2569 20.
1219 2503 1282 2576 ΠΙ,
1313 2506 1364 2568 30.
1386 2501 1560 2586 similisque
1582 2502 1701 2568 fiducia

308 2604 342 2668 in
364 2603 436 2668 aliis
460 2622 587 2686 qnoque
608 2601 713 2686 poetis
733 2606 989 2689 reperiatur⁶⁵).

395 2703 538 2781 Laudes,
562 2725 642 2786 quas
665 2703 726 2769 sibi
748 2727 883 2790 magnas
905 2707 1021 2773 tribuit
1041 2711 1148 2791 poeta,
1169 2708 1330 2786 temperat
1351 2701 1509 2781 modeste,
1531 2702 1607 2768 dum
1629 2701 1700 2769 nul·

309 2806 374 2872 lum
396 2826 491 2870 suum
512 2806 661 2870 meritum
682 2827 752 2872 esse
774 2809 836 2888 ait,
865 2810 922 2875 sed
944 2809 1057 2875 Musae
1087 2807 1208 2872 donum
1233 2812 1267 2870 et
1294 2805 1495 2871 beneficium.
1539 2803 1603 2869 Sed
1625 2809 1699 2869 octo

307 2930 419 2975 versus
453 2908 599 2972 censoria
631 2907 725 2990 quasi
757 2915 835 2975 nota
865 2909 981 2976 abiecit
1007 2909 1132 2975 Artius.
1177 2908 1261 2974 Saue
1292 2907 1377 2972 idem
1400 2908 1465 2973 iam
1492 2926 1521 2972 a
1553 2911 1636 2972 1840
1666 2906 1699 2970 iu

309 3010 465 3076 Vestritic
489 3009 650 3092 Spurinna
675 3032 706 3094 p.
730 3015 790 3091 63.ι
810 3011 938 3077 dixerat
960 3011 1000 3076 de
1027 3009 1172 3076 versibus
1203 3015 1250 3075 la.
1281 3014 1332 3077 20·
1360 3010 1436 3093 „qui
1458 3014 1700 3092 consequuntur

308 3112 372 3178 duo
394 3132 505 3178 versus
527 3110 614 3176 illius
629 3113 801 3178 Horatiaui
823 3115 975 3179 carminis
998 3121 1074 3179 sunt
1094 3111 1201 3178 verbis
1220 3112 1365 3195 speciosi,
1387 3111 1554 3177 sententiis
1575 3111 1700 3187 inanes,

308 3214 385 3298 logi!
408 3236 513 3299 nugae
529 3236 686 3293 canorae,
698 3214 809 3280 blandi
826 3222 858 3281 et
872 3215 1005 3281 fallaces
1027 3214 1163 3280 tinnitus
1173 3215 1208 3293 l‘,
1231 3214 1316 3279 unde
1338 3217 1474 3298 apparet
1492 3233 1563 3277 euru
1578 3235 1600 3279 a
1621 3212 1700 3279 duo·

308 3315 368 3381 bus
395 3317 544 3383 versibus
569 3319 727 3401 suspectis
755 3324 871 3400 postea
897 3319 939 3385 ad
968 3322 1052 3383 octo·
1068 3338 1277 3401 progressum
1311 3336 1392 3381 esse.
1435 3314 1613 3381 Modestior
1639 3314 1702 3380 fuit

308 3417 493 3498 Franckius,
509 3420 565 3504 qui
580 3425 737 3502 quattuor
750 3421 974 3487 tantummodo
991 3423 1151 3502 (la-21)
1164 3420 1318 3486 delendos
1333 3437 1404 3483 esse
1418 3417 1541 3482 censuit
1554 3415 1704 3494 maxime,

308 3526 344 3586 ut
365 3521 502 3601 ridetur,
523 3523 657 3606 piscium
681 3527 777 3587 cantu
799 3529 989 3588 commotus.

271 3610 285 3687 ί
296 3590 320 3697 A
342 3662 348 3681 ·
393 3621 577 3708 Alloquitur
591 3625 719 3690 Musam
740 3624 852 3690 Pieri.
875 3624 1083 3690 AMusarum
1105 3630 1213 3689 moute
1235 3621 1329 3687 Piero
1352 3626 1506 3687 vocantur
1527 3620 1701 3686 Pierides
1745 3657 1747 3661 ,

308 3724 372 3807 IV,
403 3728 441 3802 8,
478 3726 740 3803 20.,Pieriu1n
775 3732 937 3792 antrum
965 3730 1015 3792 est
1041 3726 1105 3806 III,
1139 3733 1173 3805 4,
1210 3730 1260 3789 40.
1298 3723 1413 3788 Rarior
1439 3722 1494 3787 ille
1530 3721 1699 3806 singularis

309 3832 360 3892 est
380 3827 466 3911 apud
487 3826 577 3893 ovid.
592 3827 678 3893 Fast.
700 3829 754 3907 IV,
777 3833 849 3893 222.
876 3829 1009 3894 Pieris
1031 3849 1126 3895 orsa
1147 3827 1267 3910 loqui.
1312 3826 1406 3890 Musa
1427 3844 1503 3888 vero
1526 3829 1698 3906 temperat,

309 3930 406 4014 regit,
429 3931 617 3996 moderatur
639 3931 681 4015 (l,
706 3933 758 4009 24,
786 3931 838 4014 14)
861 3933 1032 4016 strepitum
1053 3928 1242 4008 testudinis3
1270 3948 1345 4011 crgo
1368 3925 1563 4003 modulatur,
1592 3924 1702 4008 pulsat

311 4031 479 4097 citharam.
523 4033 616 4098 Multi
640 4032 674 4098 id
705 4038 898 4114 acceperunt
928 4034 968 4099 de
995 4037 1066 4100 arte
1094 4030 1207 4096 fidium
1234 4030 1325 4114 lyrae
1354 4028 1402 4093 ita
1423 4026 1700 4106 intendendarum,

309 4135 358 4198 uti
379 4134 420 4200 ad
444 4141 633 4200 concentum
649 4154 729 4217 opus
752 4138 803 4197 est
826 4133 986 4220 (nostrum
1002 4135 1174 4219 stimmen),
1197 4132 1316 4197 rectius
1332 4129 1373 4194 de
1395 4130 1468 4213 ipsa
1489 4129 1615 4195 cithara
1635 4134 1702 4195 tra·

310 4241 409 4302 ctata.
452 4236 634 4313 Testudinis
661 4241 791 4301 cantum
820 4235 902 4301 dixit
934 4236 1163 4320 strepitum,
1198 4238 1235 4298 ut
1260 4233 1321 4318 Ep.
1346 4233 1379 4313 I,
1409 4237 1443 4310 2,
1472 4237 1522 4297 31.
1555 4237 1606 4309 14,
1636 4235 1701 4311 26.;

310 4342 397 4403 recte
423 4339 508 4403 euim
535 4338 569 4403 id
591 4338 781 4404 vocabulum
804 4338 891 4403 cadit
917 4336 951 4402 iu
972 4343 1165 4405 concentum
1187 4356 1366 4403 nervorum.
1411 4334 1613 4419 Singularem
1636 4333 1701 4398 vim

310 4441 424 4506 tribuit
446 4446 544 4524 poeta
564 4440 719 4504 vocabulo
743 4438 894 4504 dulcem
916 4440 1138 4506 collocatione.

379 4660 424 4726 65)
443 4658 602 4714 Franckius
615 4654 691 4711 Scid.
706 4658 803 4713 Horat.
823 4659 881 4729 pi
898 4658 968 4714 illud
986 4675 1119 4713 assensus
1133 4664 1176 4713 est
1193 4658 1275 4728 eique
1293 4663 1459 4729 argumento
1476 4661 1585 4710 mutam
1604 4654 1702 4711 tribuli

311 4745 518 4811 auctoritatem,
537 4749 568 4798 ut
581 4743 890 4812 „immoderatissimutu
904 4745 1099 4799 laudatorem“
1118 4761 1202 4798 carm.
1220 4744 1275 4811 lll,
1292 4742 1486 4820 colloretum
1502 4759 1563 4797 esse
1574 4747 1701 4812 negaret.
